@inproceedings{Zhang_FMT13,
 author = {Zhang, Lingming and Marinov, Darko and Khurshid, Sarfraz},
 title = {Faster mutation testing inspired by test prioritization and reduction},
 booktitle = {Proceedings of the 2013 International Symposium on Software Testing and Analysis},
 series = {ISSTA 2013},
 year = {2013},
 address = {Lugano, Switzerland},
 pages = {235--245},
} 

@INPROCEEDINGS{Just_ISSRE12, 
author={Just, R. and Kapfhammer, G.M. and Schweiggert, F.}, 
booktitle={Proceedings of the 2012 IEEE 23rd International Symposium onSoftware Reliability Engineering}, 
title={Using Non-redundant Mutation Operators and Test Suite Prioritization to Achieve Efficient and Scalable Mutation Analysis}, 
year={2013}, 
pages={11-20}, 
address={Dallas, TX, USA},
}

@book{myers2011art,
  title={The art of software testing},
  author={Myers, Glenford J and Sandler, Corey and Badgett, Tom},
  year={2011},
  publisher={John Wiley \& Sons}
}